@article{Mozaffarian2015,
  author    = {Dariush Mozaffarian. and Emelia J. Benjamin. and Alan S. Go. and Donna K. Arnett. and Michael J. Blaha. and Mary Cushman. and Sarah de Ferranti. and Jean-Pierre Després. and Heather J. Fullerton. and Virginia J. Howard. and Mark D. Huffman. and Suzanne E. Judd. and Brett M. Kissela. and Daniel T. Lackland. and Judith H. Lichtman. and Lynda D. Lisabeth. and Simin Liu. and Rachel H. Mackey. and David B. Matchar. and Darren K. McGuire. and Emile R. Mohler, III. and Claudia S. Moy. and Paul Muntner. and Michael E. Mussolino. and Khurram Nasir. and Robert W. Neumar. and Graham Nichol. and Latha Palaniappan. and Dilip K. Pandey. and Mathew J. Reeves. and Carlos J. Rodriguez. and Paul D. Sorlie. and Joel Stein. and Amytis Towfighi. and Tanya N. Turan. and Salim S. Virani. and Joshua Z. Willey. and Daniel Woo. and Robert W. Yeh. and Melanie B. Turner},
  title     = {Heart Disease and Stroke Statistics—2015 Update: A Report From the American Heart Association},
  journaltitle = {Circulation},
  volume    = {131},
  number    = {4},
  year      = {2015},
  doi       = {10.1161/CIR.0000000000000152}
}
@article{Isselbacher2022,
  author    = {Eric M. Isselbacher. and Ourania Preventza. and James Hamilton Black 3rd. and John G. Augoustides. and Adam W. Beck. and Michael A. Bolen. and Alan C. Braverman. and Bruce E. Bray. and Maya M. Brown-Zimmerman. and Edward P. Chen. and Tyrone J. Collins. and Abe DeAnda Jr. and Christina L. Fanola. and Leonard N. Girardi. and Caitlin W. Hicks. and Dawn S. Hui. and William Schuyler Jones. and Vidyasagar Kalahasti. and Karen M. Kim. and Dianna M. Milewicz. and Gustavo S. Oderich. and Laura Ogbechie. and Susan B. Promes. and Elsie Gyang Ross. and Marc L. Schermerhorn. and Sabrina Singleton Times. and Elaine E. Tseng. and Grace J. Wang. and Y. Joseph Woo},
  title     = {2022 ACC/AHA Guideline for the Diagnosis and Management of Aortic Disease: A Report of the American Heart Association/American College of Cardiology Joint Committee on Clinical Practice Guidelines},
  journaltitle = {Circulation},
  volume    = {146},
  number    = {24},
  year      = {2022},
  doi       = {10.1161/CIR.0000000000001106}
}
@article{Markl2012,
  author    = {Michael Markl. and Alex Frydrychowicz. and Sebastian Kozerke. and Mike Hope. and Oliver Wieben},
  title     = {4D flow MRI},
  journaltitle = {Journal of Magnetic Resonance Imaging},
  volume    = {36},
  number    = {5},
  pages     = {1015-1036},
  year      = {2012},
  doi       = {10.1002/jmri.23632}
}
@article{Rivera-Rivera2024,
  author    = {Leonardo A Rivera-Rivera. and Tomas Vikner. and Laura Eisenmenger. and Sterling C Johnson. and Kevin M Johnson},
  title     = {NMR in Biomedicine},
  journaltitle = {Journal of Magnetic Resonance Imaging},
  volume    = {37},
  number    = {7},
  year      = {2024},
  doi       = {10.1002/nbm.5082}
}
@article{Nayak2015,
  author    = {Krishna S. Nayak. and Jon-Fredrik Nielsen. and Matt A. Bernstein, Michael Markl. and Peter D. Gatehouse. and Rene M. Botnar. and David Saloner. and Christine Lorenz. and Han Wen. and Bob S. Hu. and Frederick H. Epstein. and John N. Oshinski. and Subha V. Raman },
  title     = {Cardiovascular magnetic resonance phase contrast imaging},
  journaltitle = {Journal of Cardiovascular Magnetic Resonance},
  volume    = {17},
  number    = {1},
  pages     = {1-26},
  year      = {2015},
  doi       = {10.1186/s12968-015-0172-7}
}
@article{Yamada2020,
  author    = {Shigeki Yamada. and Masatsune Ishikawa. and Hirotaka Ito. and Kazuo Yamamoto. and Makoto Yamaguchi. and Marie Oshima. and Kazuhiko Nozaki},
  title     = {Cerebrospinal fluid dynamics in idiopathic normal pressure hydrocephalus on four-dimensional flow imaging},
  journaltitle = {European Radiology},
  volume    = {30},
  number    = {8},
  pages     = {630-638},
  year      = {2020},
  doi       = {10.1007/s00330-020-06825-6}
}
@article{Carr1954,
  author    = {H. Y. Carr. and E. M. Purcell},
  title     = {Effects of Diffusion on Free Precession in Nuclear Magnetic Resonance Experiments},
  journaltitle = {Physical Review},
  volume    = {94},
  number    = {3},
  pages     = {4454-4465},
  year      = {1954},
  doi       = {10.1103/PhysRev.94.630}
}
@article{Jiang2011,
  author    = {Jingfeng Jiang. and Kevin Johnson. and Kristian Valen-Sendstad. and Kent-Andre Mardal. and Oliver Wieben. and Charles Strother},
  title     = {Flow characteristics in a canine aneurysm model: A comparison of 4D accelerated phase-contrast MR measurements and computational fluid dynamics simulations},
  journaltitle = {Medical Pysics},
  volume    = {38},
  number    = {11},
  pages     = {6300-6312},
  year      = {2011},
  doi       = {10.1118/1.3652917}
}
@article{Jain2016,
  author    = {Kartik Jain. and Jingfeng Jiang. and Charles Strother. and Kent-André Mardal},
  title     = {Transitional hemodynamics in intracranial aneurysms - Comparative velocity investigations with high resolution lattice Boltzmann simulations, normal resolution ANSYS simulations, and MR imaging},
  journaltitle = {Medical Physics},
  volume    = {43},
  number    = {11},
  pages     = {6186-6198},
  year      = {2016},
  doi       = {10.1118/1.4964793}
}
@article{Akturk2018,
  author    = {Yeliz Akturk. and Serra Ozbal Gunes},
  title     = {Normal abdominal aorta diameter in infants, children and adolescents},
  journaltitle = {Pediatrics International},
  volume    = {60},
  number    = {5},
  pages     = {455-460},
  year      = {2018},
  doi       = {10.1111/ped.13542}
}
@article{Cebral2009,
  author    = {Juan R Cebral. and Christopher M Putman. and Marcus T Alley. and Thomas Hope. and Roland Bammer. and Fernando Calamante},
  title     = {Hemodynamics in normal cerebral arteries: qualitative comparison of 4D phase-contrast magnetic resonance and image-based computational fluid dynamics},
  journaltitle = {Journal of Engineering Mathematics},
  volume    = {64},
  number    = {4},
  pages     = {367-378},
  year      = {2009},
  doi       = {PhysRev.94.630}
}
@article{Taylor2009,
  author    = {CA Taylor. and CA Figueroa},
  title     = {Patient-specific modeling of cardiovascular mechanics},
  journaltitle = {Annual Review of Biomedical Engineering},
  volume    = {11},
  pages     = {109-134},
  year      = {2009},
  doi       = {10.1146/annurev.bioeng.10.061807.160521}
}
@article{Boussel2009,
  author    = {Loic Boussel. and Vitaliy Rayza. and Alastair Martin. and Gabriel Acevedo-Bolton. and Michael T. Lawton. and Randall Higashida. and Wade S. Smith. and William L. Young. and David Saloner},
  title     = {Phase-contrast magnetic resonance imaging measurements in intracranial aneurysms in vivo of flow patterns, velocity fields, and wall shear stress: Comparison with computational fluid dynamics},
  journaltitle = {Magnetic Resonance in Medicine},
  volume    = {61},
  number    = {2},
  pages     = {409-417},
  year      = {2009},
  doi       = {10.1002/mrm.21861}
}
@article{Campbell2012,
  author    = {Ian C Campbell. and Jared Ries. and Saurabh S Dhawan. and Arshed A Quyyumi. and W Robert Taylor. and John N Oshinski},
  title     = {Eﬀect of inlet velocity profiles on patient-specific computational fluid dynamics simulations of the carotid bifurcation},
  journaltitle = {Journal of biomechanical engineering},
  volume    = {134},
  number    = {5},
  year      = {2012},
  doi       = {10.1115/1.4006681}
}
@article{Morbiducci2012,
  author    = {Umberto Morbiducci. and Raffaele Ponzini. and Diego Gallo. and Cristina Bignardi. and Giovanna Rizzo},
  title     = {Inflow boundary conditions for image-based computational hemodynamics: impact of idealized versus measured velocity profiles in the human aorta},
  journaltitle = {Journal of biomechanics},
  volume    = {134},
  number    = {5},
  pages     = {102-109},
  year      = {2013},
  doi       = {10.1016/J.JBIOMECH.2012.10.012}
}
@article{Chito2014,
  author    = {Salvatore Cito. and Jordi Pallares. and Anton Vernet},
  title     = {Sensitivity Analysis of the Boundary Conditions in Simulations of the Flow in an Aortic Coarctation under Rest and Stress Conditions},
  journaltitle = {Journal of biomechanics},
  volume    = {8330},
  pages     = {74-82},
  year      = {2014},
  doi       = {10.1007/978-3-642-54268-8}
}
@article{Funamoto2005,
  author    = {Kenichi Funamoto. and Toshiyuki Hayase. and Atsushi Shirai. and Yoshifumi Saijo. and Tomoyuki Yambe},
  title     = {Fundamental study of ultrasonic-measurement-integrated simulation of real blood flow in the aorta},
  journaltitle = {Journal of biomechanics},
  volume    = {33},
  number     = {4},
  pages     = {415-428},
  year      = {2005},
  doi       = {0.1007/s10439-005-2495-2}
}
@article{Annio2021,
  author    = {Giacomo Annio. and Ryo Torii. and Andrea Ducci. and Vivek Muthurangu. and Victor Tsang. and Gaetano Burriesci},
  title     = {Fundamental study of ultrasonic-measurement-integrated simulation of real blood flow in the aorta},
  journaltitle = {Annals of Biomedical Engineering},
  volume    = {49},
  number    = {12},
  pages     = {3481-3493},
  year      = {2021},
  doi       = {10.1007/s10439-021-02811-1}
}
@article{Ii2018,
  author    = {Satoshi Ii. and Mohd Azrul Hisham Mohd Adib. and Yoshiyuki Watanabe. and Shigeo Wada},
  title     = {Physically consistent data assimilation method based on feedback control for patient-specific blood flow analysis},
  journaltitle = {International Journal for Numerical Methods in Biomedical Engineering},
  volume    = {34},
  number     = {1},
  pages     = {415-428},
  year      = {2018},
  doi       = {10.1002/cnm.2910}
}
@article{Adib2017,
  author    = {Mohd Azrul Hisham Mohd Adib. and Satoshi Ii. and Yoshiyuki Watanabe. and Shigeo Wada1},
  title     = {Minimizing the blood velocity differences between phase-contrast magnetic resonance imaging and computational fuid dynamics simulation in cerebral arteries and aneurysms},
  journaltitle = {Medical and Biological Engineering and Computing},
  volume    = {55},
  number    = {9},
  pages     = {1605-1619},
  year      = {2017},
  doi       = {10.1007/s11517-017-1617-y}
}
@article{Formaggia2008,
  author    = {Luca Formaggia. and Alessandro Veneziani. and Christian Vergara},
  title     = {A new approach to numerical solution of defective boundary value problems in incompressible fluid dynamics},
  journaltitle = {SIAM Journal on Numerical Analysis},
  volume    = {46},
  number     = {6},
  pages     = {2769-2794},
  year      = {2008},
  doi       = {10.1137/060672005}
}
@article{Formaggia2009,
  author    = {Luca Formaggia. and Alessandro Veneziani. and Christian Vergara},
  title     = {Flow rate boundary problems for an incompressible fluid in deformable domains: Formulations and solution methods},
  journaltitle = {Computer Methods in Applied Mechanics and Engineering},
  volume    = {199},
  number     = {9-12},
  pages     = {677-688},
  year      = {2009},
  doi       = {10.1016/j.cma.2009.10.017}
}
@article{Perego2011,
  author    = {Mauro Perego. and Alessandro Veneziani. and Christian Vergara},
  title     = {A variational approach for estimating the compliance of the cardiovascular tissue: An inverse fluid-structure interaction problem},
  journaltitle = {SIAM Journal on Scientific Computing},
  volume    = {33},
  number     = {3},
  pages     = {1181-1211},
  year      = {2011},
  doi       = {10.1016/j.cma.2009.10.017}
}
@article{DElia2010,
  author    = {Marta D'Elia. and Alessandro Veneziani},
  title     = {Methods for assimilating blood velocity measures in hemodynamics simulations: Preliminary results},
  journaltitle = {Journal of Scientific Computing},
  volume    = {1},
  number     = {1},
  pages     = {1231-1239},
  year      = {2010},
  doi       = {10.1016/j.procs.2010.04.137}
}
@article{DElia2012,
  author    = {Marta D'Elia. and Mauro Perego. and Alessandro Veneziani},
  title     = {A Variational Data Assimilation Procedure for the Incompressible Navier-Stokes Equations in Hemodynamics},
  journaltitle = {Journal of Scientific Computing},
  volume    = {52},
  number     = {2},
  pages     = {1-20},
  year      = {2021},
  doi       = {10.1007/s10915-011-9547-6}
}
@article{Tiago2014,
  author    = {J. Tiago. and A. Gambaruto. and A. Sequeira},
  title     = {Patient-specific blood flow simulations: setting Dirichlet boundary conditions for minimal error with respect to measured data},
  journaltitle = {Mathematical Modelling of Natural Phenomena},
  volume    = {9},
  number    = {6},
  pages     = {98-116},
  year      = {2014},
  doi       = {10.1051/mmnp/20149608}
}
@article{Guerra2014,
  author    = {Telma Guerra. and Jorge Tiago. and Adélia Sequeira},
  title     = {Optimal control in blood flow simulations},
  journaltitle = {International Journal of Non-Linear Mechanics},
  volume    = {64},
  pages     = {57-69},
  year      = {2014},
  doi       = {10.1016/j.ijnonlinmec.2014.04.005}
}
@article{Tiago2017,
  author    = {J. Tiago. and A. Gambaruto. and A. Sequeira},
  title     = {A velocity tracking approach for the data assimilation problem in blood flow simulations},
  journaltitle = {International Journal for Numerical Methods in Biomedical Engineering},
  volume    = {33},
  number    = {10},
  year      = {2017},
  doi       = {10.1002/cnm.2856}
}
@article{Guerra2018,
  author    = {Telma Guerra. and Catarina Catarino. and Tânia Mestre and Sara Santos. and Jorge Tiago. and Adélia Sequeira b},
  title     = {A data assimilation approach for non-Newtonian blood flow simulations in 3D geometries},
  journaltitle = {International Journal of Non-Linear Mechanics},
  volume    = {321},
  number    = {15},
  pages     = {176-194},
  year      = {2018},
  doi       = {doi.org/10.1016/j.amc.2017.10.029}
}
@article{Koltukluoglu2018,
  author    = {Taha S. Koltukluoğlu. and Pablo J. Blanco},
  title     = {Boundary control in computational haemodynamics},
  journaltitle = {Journal of Fluid Mechanics},
  volume    = {847},
  number    = {25},
  pages     = {176-194},
  year      = {2018},
  doi       = {10.1017/jfm.2018.329}
}
@article{Otani2022,
  author    = {Tomohiro Otani. and Hiroshi Yamashita. and Kazuma Iwata. and Selin Yavuz ILIK. and Shigeki Yamada. and Yoshiyuki Watanabe. and Shigeo Wada},
  title     = {A concept on velocity estimation from magnetic resonance velocity images based on variational optimal boundary control},
  journaltitle = {Journal of Biomechanical Science and Engineering},
  volume    = {17},
  number    = {3},
  pages     = {22-50},
  year      = {2022},
  doi       = {10.1299/jbse.22-00050}
}
@article{Koltukluoglu2019,
  author    = {Taha Sabri Koltukluoğlu},
  title     = {Fourier spectral dynamic data assimilation: interlacing CFD with 4D flow MRI},
  journaltitle = {International Conference on Medical Image Computing and Computer-Assisted Intervention– MICCAI 2019},
  pages     = {741-749},
  year      = {2019},
  doi       = {10.1007/978-3-030-32245-8}
}
@article{Funke2019,
  author    = {Simon Wolfgang Funke. and Magne Nordaas. and Øyvind Evju. and Martin Sandve Alnæs. and Kent Andre Mardal},
  title     = {Variational data assimilation for transient blood flow simulations: Cerebral aneurysms as an illustrative example},
  journaltitle = {International Journal for Numerical Methods in Biomedical Engineering},
  volume    = {35},
  number    = {1},
  pages     = {1-27},
  year      = {2019},
  doi       = {10.1002/cnm.3152}
}
@article{Toger2020,
  author    = {Johannes Töger. and Matthew J Zahr. and Nicolas Aristokleous. and Karin Markenroth Bloch. and Marcus Carlsson. and Per-Olof Persson},
  title     = {Blood flow imaging by optimal matching of computational fluid dynamics to 4D-flow data},
  journaltitle = {Magnetic Resonance in Medicine},
  volume    = {84},
  number    = {4},
  pages     = {2231-2245},
  year      = {2020},
  doi       = {10.1002/mrm.28269}
}
@article{Kontogiannis2021,
  author    = {A. Kontogiannis and M. Juniper},
  title     = {Inverse Problems in Magnetic Resonance Velocimetry: Shape, Forcing and Boundary Condition Inference},
  booktitle = {Proceedings of the ASME 2021 Fluids Engineering Division Summer Meeting},
  volume    = {2: Fluid Applications and Systems; Fluid Measurement and Instrumentation},
  location  = {Virtual, Online},
  date      = {August 10--12, 2021},
  pages     = {V002T04A018},
  publisher = {ASME},
  year      = {2021}
}
@article{Kontogiannis2022,
  author    = {A. Kontogiannis and S. V. Elgersma and A. J. Sederman and M. P. Juniper},
  title     = {Joint reconstruction and segmentation of noisy velocity images as an inverse Navier--Stokes problem},
  journaltitle = {Journal of Fluid Mechanics},
  volume    = {944},
  year      = {2022},
  doi       = {10.1017/jfm.2022.503}
}
@article{Hoon2020,
  author    = {N. H. L. C. de Hoon. and A.C. Jalba. and E.S. Farag. and P. van Ooij. and A.J. Nederveen. and E. Eisemann. and A. Vilanova},
  title     = {Data Assimilation for Full 4D PC-MRI Measurements: Physics-Based Denoising and Interpolation},
  journaltitle = {Computer Graphics Forum},
  volume    = {37},
  number    = {10},
  year      = {2020},
  doi       = {10.1111/cgf.14088},
}
@article{Fevola2021,
  author    = {Elisa Fevola. and Francesco Ballarin. and Laura Jiménez-Juan. and Stephen Fremes. and Stefano Grivet-Talocia. and Gianluigi Rozza. and Piero Triverio},
  title     = {An optimal control approach to determine resistance-type boundary conditions from in-vivo data for cardiovascular simulations},
  journaltitle = {International Journal for Numerical Methods in Biomedical Engineering},
  volume    = {39},
  number    = {6},
  pages     = {496-512},
  year      = {2021},
  doi       = {10.1002/cnm.3516},
}
@article{Zainib2021,
  author    = {Zakia Zainib. and Francesco Ballarin. and Stephen Fremes. and Piero Triverio. and Laura Jiménez-Juan. and Gianluigi Rozza},
  title     = {Reduced order methods for parametric optimal flow control in coronary bypass grafts, toward patient-specific data assimilation},
  journaltitle = {International Journal for Numerical Methods in Biomedical Engineering},
  volume    = {37},
  number    = {12},
  year      = {2021},
  doi       = {10.1002/cnm.3367},
}
@article{Chatpattanasiri2023,
  author    = {Chotirawee Chatpattanasiri. and Gaia Franzetti. and Mirko Bonfanti. and Vanessa Diaz-Zuccarini. and Stavroula Balaban},
  title     = {Towards Reduced Order Models via Robust Proper Orthogonal Decomposition to capture personalised aortic haemodynamics},
  journaltitle = {Journal of Biomechanics},
  volume    = {158},
  year      = {2023},
  doi       = {10.1016/j.jbiomech.2023.111759},
}
@article{Dwight2010,
  author    = {Richard P Dwight},
  title     = {Bayesian inference for data assimilation using Least-Squares Finite Element methods},
  journaltitle = {IOP Conference Series: Materials Science and Engineering},
  volume    = {60},
  number    = {1},
  year      = {2010},
  doi       = {10.1088/1757-899X/10/1/012224},
}
@article{Rajaraman2014,
  author    = {Prathish K. Rajaraman. and T.A. Manteuffel. and M. Belohlavek. and E. McMahon. and Jeffrey J. Heys},
  title     = {Echocardiographic particle imaging velocimetry data assimilation with least square finite element methods},
  journaltitle = {Computers and Mathematics with Applications},
  volume    = {68},
  number    = {11},
  pages     = {1569-1580},
  year      = {2014},
  doi       = {10.1016/j.camwa.2014.07.026},
}
@article{Rajaraman2017,
  author    = {Prathish K. Rajaraman. and T.A. Manteuffel. and M. Belohlavek. and Jeffrey J. Heys},
  title     = {Reduced order methods for parametric optimal flow control in coronary bypass grafts, toward patient-specific data assimilation},
  journaltitle = {International Journal for Numerical Methods in Biomedical Engineering},
  volume    = {32},
  number    = {1},
  year      = {2017},
  doi       = {10.1002/cnm.2783},
}
@article{Quarteroni2017,
  author    = {A. Quarteroni. and A. Manzoni. and C. Vergara},
  title     = {The cardiovascular system: Mathematical modelling, numerical algorithms and clinical applications},
  journaltitle = {Acta Numerica},
  volume    = {26},
  number    = {8},
  pages     = {365-590},
  year      = {2017},
  doi       = {10.1017/S0962492917000046}
}
@article{Arzani2021,
  author    = {Amirhossein Arzani. and Scott T. M. Dawson},
  title     = {Data-driven cardiovascular flow modelling: examples and opportunities},
  journaltitle = {Journal of the Royal Society Interface},
  volume    = {18},
  number    = {175},
  year      = {2021},
  doi       = {10.1098/rsif.2020.0802}
}
@article{Nolte2022,
  author    = {David Nolte. and Cristóbal Bertoglio},
  title     = {Inverse problems in blood flow modeling: A review},
  journaltitle = {International Journal for Numerical Methods in Biomedical Engineering},
  volume    = {38},
  number    = {8},
  year      = {2022},
  doi       = {10.1002/cnm.3613}
}
@article{Naudet2022,
  author    = {Charles J. Naudet. and Johannes Toger. and Matthew J. Zahr},
  title     = {Accurate quantification of blood flow wall shear stress using simulation-based imaging: a synthetic, comparative study},
  journaltitle = {Engineering with Computers},
  volume    = {38},
  number    = {5},
  pages     = {3987-4003},
  year      = {2022},
  doi        = {10.1007/s00366-022-01723-5}
}
@article{Anwar2024,
  author    = {Muhammad Adnan Anwar and Jorge Tiago},
  title     = {Time-Dependent Strategy for Improving Aortic Blood Flow Simulations with Boundary Control and Data Assimilation},
  journaltitle = {Preprint submitted to Elsevier},
  year      = {2024},
  doi       = {10.48550/arXiv.2408.11617}
}
@article{Ichimura2024,
  author    = {Tsubasa Ichimura and Shigeki Yamada and Yoshiyuki Watanabe and Hiroto Kawano and Satoshi Ii},
  title     = {A practical approach for estimation of patient-specific intra-aneurysmal flows using variational data assimilation},
  journaltitle = {medRxiv},
  year      = {2024},
  note      = {Preprint, not peer-reviewed},
  doi       = {10.1101/2024.05.24.24307838}
}
@article{Tang1993,
  author    = {Chao Tang. and Duane D Blatter. and Dennis L Parker},
  title     = {Accuracy of phase-contrast flow measurements in the presence of partial-volume effects},
  journaltitle = {Journal of Magnetic Resonance Imaging},
  volume    = {3},
  number    = {2},
  pages     = {377-385},
  year      = {1993},
  doi       = {10.1002/jmri.1880030213}
}
@article{Tang1995,
  author    = {Chao Tang. and Duane D Blatter. and Dennis L Parker},
  title     = {Correction of partial-volume effects in phase-contrast flow measurements. Journal of magnetic resonance imaging},
  journaltitle = {Journal of Magnetic Resonance Imaging},
  volume    = {5},
  number    = {2},
  pages     = {175-180},
  year      = {1995},
  doi       = {10.1002/jmri.1880050212}
}
@article{Soret2007,
  author    = {Marine Soret. and Stephen L Bacharach. and Irène Buvat},
  title     = {Partial-volume effect in PET tumor imaging},
  journaltitle = {Journal of Nuclear Medicine},
  volume    = {48},
  number    = {6},
  pages     = {932-45},
  year      = {2007},
  doi       = {10.2967/jnumed.106.035774}
}
@article{Bouillot2018,
  author    = {Pierre Bouillot. and Bénédicte M A Delattre. and Olivier Brina. and Rafik Ouared. and Mohamed Farhat. and Christophe Chnafa. and David A Steinman. and Karl-Olof Lovblad. and Vitor M Pereira. and Maria I Vargas},
  title     = {3D phase contrast MRI: Partial volume correction for robust blood flow quantification in small intracranial vessels},
  journaltitle = {Journal of Nuclear Medicine},
  volume    = {79},
  number    = {1},
  pages     = {129-140},
  year      = {2018},
  doi       = {10.1002/mrm.26637}
}
@inproceedings{Ueda2023,
  author       = {Kakeru Ueda and Kazuma Iwata and Tomohiro Otani and Shigeo Wada},
  title        = {Flow data assimilation of magnetic resonance images considering partial volume effect},
  booktitle    = {Proceedings of the 12th Asian-Pacific Conference on Biomechanics},
  year         = {2023},
  address      = {Asian-Pacific Region},
  organization = {Asian-Pacific Conference on Biomechanics}
}
@article{Arthurs2020,
  author    = {Christopher J. Arthurs. and Nan Xiao. and Philippe Moireau. and Tobias Schaeffter. and C. Alberto Figueroa},
  title     = {A flexible framework for sequential estimation of model parameters in computational hemodynamics},
  journaltitle = {Advanced Modeling and Simulation in Engineering Sciences},
  volume    = {7},
  number    = {48},
  year      = {2020},
  doi       = {10.1186/s40323-020-00186-x}
}
@article{Gaidzik2019,
  author    = {Franziska Gaidzik. and Daniel Stucht. and Christoph Roloff. and Oliver Speck. and Dominique Thévenin. and Gábor Janiga},
  title     = {Transient flow prediction in an idealized aneurysm geometry using data assimilation},
  journaltitle = {Computers in Biology and Medicine},
  volume    = {115},
  number    = {7},
  year      = {2019},
  doi       = {10.1016/j.compbiomed.2019.103507}
}
@article{Lusting2007,
  author    = {Michael Lustig. and David Donoho. and John M Pauly},
  title     = {Sparse MRI: The application of compressed sensing for rapid MR imaging},
  journaltitle = {Magnetic Resonance Imaging},
  volume    = {58},
  number    = {6},
  pages     = {1182-1195},
  year      = {2007},
  doi       = {10.1002/mrm.21391}
}
@article{Holland2010,
  author    = {D J Holland. and D M Malioutov. and A Blake. and A J Sederman. and L F Gladden},
  title     = { Reducing data acquisition times in phase-encoded velocity imaging using compressed sensing},
  journaltitle = {Journal of Magnetic Resonance},
  volume    = {203},
  number    = {2},
  pages     = {236-246},
  year      = {2010},
  doi       = {doi.org/10.1016/j.jmr.2010.01.001}
}
@article{Liu2014,
  author    = {Jing Liu. and Petter Dyverfeldt. and Gabriel Acevedo-Bolton. and Michael Hope. and David Saloner},
  title     = {Highly accelerated aortic 4D flow MR imaging with variable-density random undersampling},
  journaltitle = {Magnetic Resonance Imaging},
  volume    = {32},
  number    = {8},
  pages     = {1012-1020},
  year      = {2014},
  doi       = {10.1016/j.mri.2014.05.004}
}
@article{Tariq2013,
  author    = {Umar Tariq. and Albert Hsiao. and Marcus Alley. and Tao Zhang. and Michael Lustig. and Shreyas S Vasanawala},
  title     = {Venous and arterial flow quantification are equally accurate and precise with parallel imaging compressed sensing 4D phase contrast MRI},
  journaltitle = {Journal of Magnetic Resonance},
  volume    = {37},
  number    = {6},
  pages     = {1419-1426},
  year      = {2013},
  doi       = {10.1002/jmri.23936}
}
@article{Lundervold2019,
  author    = {Alexander Selvikvåg Lundervold. and Arvid Lundervold},
  title     = {An overview of deep learning in medical imaging focusing on MR},
  journaltitle = {Zeitschrift für Medizinische Physik},
  volume    = {29},
  number    = {2},
  pages     = {102-127},
  year      = {2020},
  doi       = {10.1016/j.zemedi.2018.11.002}
}
@article{Vishnevskiy2020,
  author    = {Valery Vishnevskiy. and Jonas Walheim. and Sebastian Kozerke},
  title     = {Deep variational network for rapid 4D flow MRI reconstruction},
  journaltitle = {Nature Machine Intelligence},
  volume    = {2},
  number    = {4},
  pages     = {228-235},
  year      = {2020},
  doi       = {10.1038/s42256-020-0165-6}
}
@article{Raissi2020,
  author    = {Maziar Raissi. and Alireza Yazdani. and George Em Karniadakis},
  title     = {Hidden fluid mechanics: Learning velocity and pressure fields from flow visualizations},
  journaltitle = {Science},
  volume    = {267},
  number    = {6481},
  pages     = {1026-1030},
  year      = {2020},
  doi       = {10.1126/science.aaw4741}
}
@article{Fathi2020,
  author    = {Mojtaba F. Fathi. and Isaac Perez-Raya. and Ahmadreza Baghaie. and Philipp Berg. and Gabor Janiga. and Amirhossein Arzani. and Roshan M. D’Souza},
  title     = {Super-resolution and denoising of 4D-Flow MRI using physics-Informed deep neural nets},
  journaltitle = {Computer Methods and Programs in Biomedicine},
  volume    = {197},
  year      = {2020},
  doi       = {10.1016/j.cmpb.2020.105729}
}
@article{Boster2023,
  author    = {Kimberly A. S. Boster. and Shengze Cai. and Antonio Ladrón-de-Guevara. and Douglas H. Kelley},
  title     = {Artificial intelligence velocimetry reveals in vivo flow rates, pressure gradients, and shear stresses in murine perivascular flows},
  journaltitle = {Computer Methods and Programs in Biomedicine},
  volume    = {120},
  number    = {14},
  year      = {2023},
  doi       = {10.1073/pnas.2217744120}
}
@article{Levilly2024,
  author    = {Sébastien Levilly. and Saïd Moussaoui. and École Centrale Nantes},
  title     = {Segmentation-Free Velocity Field Super-Resolution on 4D Flow MRI},
  journaltitle = {Computer Methods and Programs in Biomedicine},
  volume    = {33},
  pages     = {637-5649},
  year      = {2023},
  doi       = {10.1109/TIP.2024.3470553}
}
@article{Puiseux2021,
  author    = {Thomas Puiseux. and Anou Sewonu. and Ramiro Moreno,Simon Mendez. and Franck Nicoud},
  title     = {Numerical simulation of time-resolved 3D phase-contrast magnetic resonance imaging},
  journaltitle = {PLoS One},
  volume    = {16},
  number    = {3},
  year      = {2021},
  doi       = {10.1371/journal.pone.0248816}
}
@article{Otani2025,
  author    = {Tomohiro Otani. and Tetsuro Sekine. and Yu Sato. and Ellen Cavalcante Alves. and Shigeo Wada},
  title     = {An Eulerian formulation for the computational modeling of phase-contrast MRI},
  journaltitle = {Magnetic Resonance in Medicine},
  volume    = {93},
  number    = {2},
  pages     = {828-841},
  year      = {2025},
  doi       = {10.1371/journal.pone.0248816}
}
@article{Borrvall2003,
  author    = {Thomas Borrvall. and Joakim Petersson},
  title     = {Topology optimization of fluids in Stokes flow},
  journaltitle = {International Journal for Numerical Methods in Fluids},
  volume    = {47},
  number    = {1},
  pages     = {77-107},
  year      = {2003},
  doi       = {10.1002/fld.426}
}
@article{Armijo1966,
  author    = {Larry Armijo},
  title     = {Minimization of functions having Lipschitz continuous first partial derivatives},
  journaltitle = {Pacific Journal of Mathematics},
  volume    = {16},
  number    = {1},
  pages     = {1-3},
  year      = {1966},
  doi       = {10.2140/pjm.1966.16.1}
}
@article{Firmin1990,
  author    = {D. N. Firmin. and G. L. Nayler. and P. J. Kilner. and D. B. Longmore},
  title     = {The application of phase shifts in NMR for flow measurement},
  journaltitle = {Magnetic Resonance in Medicine},
  volume    = {14},
  number    = {2},
  pages     = {230-341},
  year      = {1990},
  doi       = {10.2140/pjm.1966.16.1}
}
@article{Wolf1993,
  author    = {Ronald L. Wolf. and Richard L. Ehman. and Stephen J. Riederer. and Phillip J. Rossman},
  title     = {Analysis of systematic and random error in MR volumetric flow measurements},
  journaltitle = {Magnetic Resonance in Medicine},
  volume    = {30},
  number    = {1},
  pages     = {82-91},
  year      = {1993},
  doi       = {0.1002/mrm.1910300113}
}
@article{Tezduyar1991,
  author    = {Tayfun E. Tezduyar},
  title     = {Stabilized Finite Element Formulations for Incompressible Flow Computations},
  journaltitle = {Advances in Applied Mechanics},
  volume    = {28},
  pages     = {1-44},
  year      = {1991},
  doi       = {10.1016/S0065-2156(08)70153-4}
}
@article{Moes1999,
  author    = {Nicolas Moës. and John Dolbow. and Ted Belytschko},
  title     = {A finite element method for crack growth without remeshing},
  journaltitle = {International Journal for Numerical Methods in Engineering},
  volume    = {46},
  number    = {1},
  pages     = {131-150},
  year      = {1999},
  doi       = {10.1002/(SICI)1097-0207(19990910)46:1<131::AID-NME726>3.0.CO;2-J}
}
@article{Belytschko2001,
  author    = {T. Belytschko. and N. Moës. and S. Usui. and C. Parimi},
  title     = {Arbitrary discontinuities in finite elements},
  journaltitle = {International Journal for Numerical Methods in Engineering},
  volume    = {50},
  number    = {4},
  pages     = {993-1013},
  year      = {2001},
  doi       = {10.1002/1097-0207(20010210)50:4<993::AID-NME164>3.0.CO;2-M}
}
@article{Gerstenberger2008,
  author    = {Axel Gerstenberger. and Wolfgang A. Wall},
  title     = {A 3D incompressible Navier-Stokes velocity-vorticity weak form finite element algorithm},
  journaltitle = {Magnetic Resonance in Medicine},
  volume    = {197},
  number    = {19-20},
  pages     = {1699-1714},
  year      = {2008},
  doi       = {10.1016/j.cma.2007.07.002}
}
@article{Sawada2010,
  author    = {Tomohiro Sawada. and Akira Tezuka},
  title     = {High-order gaussian quadrature in X-FEM with the lagrange-multiplier for fluid-structure coupling},
  journaltitle = {International Journal for Numerical Methods in Fluids},
  volume    = {64},
  number    = {10-12},
  pages     = {1219-1239},
  year      = {2010},
  doi       = {10.1002/fld.2343}
}
@article{Wong2002,
  author    = {K. L. Wong. and A. J. Baker},
  title     = {A 3D incompressible Navier–Stokes velocity–vorticity weak form finite element algorithm},
  journaltitle = {Magnetic Resonance in Medicine},
  volume    = {38},
  number    = {2},
  pages     = {99-123},
  year      = {2002},
  doi       = {10.1002/fld.204}
}














